@article{einstein1905,
    author        = {Albert Einstein},
    title         = {Zur Elektrodynamik bewegter K{\"o}rper. (German) [On the electrodynamics of moving bodies]},
    journaltitle  = {Annalen der Physik},
    year          = {1905},
    volume        = {322},
    number        = {10},
    pages         = {891-921},
    doi           = {http://dx.doi.org/10.1002/andp.19053221004}
}

@article{white1992density,
  title={Density matrix formulation for quantum renormalization groups},
  author={White, Steven R},
  journal={Physical Review Letters},
  volume={69},
  number={19},
  pages={2863},
  year={1992},
  publisher={APS}
}

@article{nishino1996corner,
  title={Corner transfer matrix renormalization group method},
  author={Nishino, Tomotoshi and Okunishi, Kouichi},
  journal={Journal of the Physical Society of Japan},
  volume={65},
  number={4},
  pages={891--894},
  year={1996},
  publisher={The Physical Society of Japan}
}

@article{nishino1995density,
  title={Density matrix renormalization group method for 2D classical models},
  author={Nishino, Tomotoshi},
  journal={Journal of the Physical Society of Japan},
  volume={64},
  number={10},
  pages={3598--3601},
  year={1995},
  publisher={The Physical Society of Japan}
}

@article{poulin2011quantum,
  title={Quantum simulation of time-dependent Hamiltonians and the convenient illusion of Hilbert space},
  author={Poulin, David and Qarry, Angie and Somma, Rolando and Verstraete, Frank},
  journal={Physical review letters},
  volume={106},
  number={17},
  pages={170501},
  year={2011},
  publisher={APS}
}

@article{wilson1975renormalization,
  title={The renormalization group: Critical phenomena and the Kondo problem},
  author={Wilson, Kenneth G},
  journal={Reviews of Modern Physics},
  volume={47},
  number={4},
  pages={773},
  year={1975},
  publisher={APS}
}

@article{white1992real,
  title={Real-space quantum renormalization groups},
  author={White, Steven R and Noack, RM},
  journal={Physical review letters},
  volume={68},
  number={24},
  pages={3487},
  year={1992},
  publisher={APS}
}
